@article{acerbi2002expected,
  title={Expected shortfall: a natural coherent alternative to value at risk},
  author={Acerbi, Carlo and Tasche, Dirk},
  journal={Economic notes},
  volume={31},
  number={2},
  pages={379--388},
  year={2002},
  doi = {10.1111/1468-0300.00091},
  url = {https://arxiv.org/pdf/cond-mat/0105191.pdf},
}

@Manual{PerformanceAnalytics2018,
  title = {PerformanceAnalytics: Econometric Tools for Performance and Risk Analysis},
  author = {Brian G. Peterson and Peter Carl},
  year = {2018},
  note = {R package version 1.5.2},
  url = {https://CRAN.R-project.org/package=PerformanceAnalytics},
}

@Manual{VaRES2013,
  title = {VaRES: Computes value at risk and expected shortfall for over 100
    parametric distributions},
  author = {Saralees Nadarajah and Stephen Chan and Emmanuel Afuecheta},
  year = {2013},
  note = {R package version 1.0},
  url = {https://CRAN.R-project.org/package=VaRES},
}

@Article{actuarJSS2008,
  title = {actuar: An R Package for Actuarial Science},
  author = {Christophe Dutang and Vincent Goulet and Mathieu Pigeon},
  journal = {Journal of Statistical Software},
  year = {2008},
  volume = {25},
  number = {7},
  pages = {38},
  doi = {10.18637/jss.v025.i07},
}
